<record><leader>00000cas a22000007a 4500</leader><controlfield tag="001">41711004</controlfield><controlfield tag="008">990708d191u19uutnuwr ne      0    0eng d</controlfield><datafield ind1=" " ind2=" " tag="010"><subfield code="a">sn 99065844 </subfield></datafield><datafield ind1=" " ind2=" " tag="040"><subfield code="a">TGN</subfield><subfield code="b">eng</subfield><subfield code="c">TGN</subfield><subfield code="d">OCLCQ</subfield><subfield code="d">OCLCF</subfield><subfield code="d">OCLCO</subfield></datafield><datafield ind1=" " ind2=" " tag="042"><subfield code="a">msc</subfield></datafield><datafield ind1=" " ind2=" " tag="043"><subfield code="a">n-us-tn</subfield></datafield><datafield ind1="0" ind2="4" tag="245"><subfield code="a">The Knoxville plain dealer and voice of labor.</subfield></datafield><datafield ind1="3" ind2="0" tag="246"><subfield code="a">Knoxville plain dealer</subfield></datafield><datafield ind1="3" ind2="0" tag="246"><subfield code="a">Voice of labor</subfield></datafield><datafield ind1=" " ind2=" " tag="260"><subfield code="a">Knoxville, Tenn. :</subfield><subfield code="b">Frederick W. Keith</subfield></datafield><datafield ind1=" " ind2=" " tag="300"><subfield code="a">v.</subfield></datafield><datafield ind1=" " ind2=" " tag="310"><subfield code="a">Weekly</subfield></datafield><datafield ind1=" " ind2=" " tag="588"><subfield code="a">Description based on: Vol. 5, no. 18 (Feb. 14, 1918).</subfield></datafield><datafield ind1=" " ind2="0" tag="651"><subfield code="a">Knoxville (Tenn.)</subfield><subfield code="v">Newspapers.</subfield></datafield><datafield ind1=" " ind2="0" tag="651"><subfield code="a">Knox County (Tenn.)</subfield><subfield code="v">Newspapers.</subfield></datafield><datafield ind1=" " ind2="7" tag="655"><subfield code="a">Newspapers.</subfield><subfield code="2">fast</subfield><subfield code="0">(OCoLC)fst01423814</subfield></datafield><datafield ind1=" " ind2="7" tag="651"><subfield code="a">Tennessee</subfield><subfield code="z">Knox County.</subfield><subfield code="2">fast</subfield><subfield code="0">(OCoLC)fst01215247</subfield></datafield><datafield ind1=" " ind2="7" tag="651"><subfield code="a">Tennessee</subfield><subfield code="z">Knoxville.</subfield><subfield code="2">fast</subfield><subfield code="0">(OCoLC)fst01206442</subfield></datafield><datafield ind1=" " ind2=" " tag="752"><subfield code="a">United States</subfield><subfield code="b">Tennessee</subfield><subfield code="c">Knox</subfield><subfield code="d">Knoxville.</subfield></datafield><datafield ind1="0" ind2="0" tag="780"><subfield code="t">Voice of labor</subfield></datafield><datafield ind1="0" ind2="0" tag="785"><subfield code="t">Plain dealer (Knoxville, Tenn.)</subfield><subfield code="w">(DLC)sn 99065845</subfield></datafield></record>